<record><leader>00000cas a22000007a 4500</leader><controlfield tag="001">33216515</controlfield><controlfield tag="008">950928d18731874inuwr ne      0    0eng d</controlfield><datafield ind1=" " ind2=" " tag="010"><subfield code="a">sn 95068651 </subfield></datafield><datafield ind1=" " ind2=" " tag="040"><subfield code="a">MGN</subfield><subfield code="b">eng</subfield><subfield code="c">MGN</subfield><subfield code="d">OCLCQ</subfield></datafield><datafield ind1=" " ind2=" " tag="042"><subfield code="a">msc</subfield></datafield><datafield ind1="0" ind2="0" tag="245"><subfield code="a">Central clarion.</subfield></datafield><datafield ind1=" " ind2=" " tag="260"><subfield code="a">Fowler, Ind. :</subfield><subfield code="b">D. McA. Williams</subfield></datafield><datafield ind1=" " ind2=" " tag="300"><subfield code="a">v.</subfield></datafield><datafield ind1=" " ind2=" " tag="310"><subfield code="a">Weekly</subfield></datafield><datafield ind1="1" ind2=" " tag="362"><subfield code="a">Began in 1873? Ceased Aug. 13, 1874?</subfield></datafield><datafield ind1=" " ind2=" " tag="500"><subfield code="a">Proprietor: E.B. Williams, &lt;1874&gt;.</subfield></datafield><datafield ind1=" " ind2=" " tag="588"><subfield code="a">Description based on: Vol. 2, no. 1 (Aug. 6, 1874).</subfield></datafield><datafield ind1=" " ind2=" " tag="752"><subfield code="a">United States</subfield><subfield code="b">Indiana</subfield><subfield code="c">Benton</subfield><subfield code="d">Fowler.</subfield></datafield><datafield ind1="0" ind2="0" tag="785"><subfield code="t">Benton County herald (Fowler, Ind.)</subfield><subfield code="w">(DLC)sn 95068817</subfield></datafield></record>